
@book{williams_fourier_2000,
	title = {Fourier {Acoustics}: {Sound} {Radiation} and {Nearfield} {Acoustical} {Holography}{\textless}/i{\textgreater}},
	volume = {108},
	shorttitle = {{\textless}i{\textgreater}{Fourier} {Acoustics}},
	url = {http://asa.scitation.org/doi/10.1121/1.1289662},
	language = {en},
	urldate = {2020-01-17},
	author = {Williams, Earl G. and Mann, J. Adin},
	month = oct,
	year = {2000},
}

@article{Hilbert,
  title={Hilbert Space Methods in Signal Processing},
  author={ Kennedy, Rodney A.  and  Sadeghi, Parastoo },
  journal={Cambridge Uk},
  volume={10.1017/CBO9780511844515},
  pages={xv-xviii},
  year={2013},
}

@article{gerzon1973,
  title={Periphony: With-height sound reproduction},
  author={Gerzon, Michael A},
  journal={Journal of the Audio Engineering Society},
  volume={21},
  number={1},
  pages={2--10},
  year={1973},
  publisher={Audio Engineering Society}
}

@book{book_immersive,
  title={Immersive sound: The art and science of binaural and multi-channel audio},
  author={Roginska, Agnieszka and Geluso, Paul},
  year={2017},
  publisher={Taylor \& Francis}
}

@inproceedings{Benjamin2013A,
  title={A Spherical Far Field HRIR/HRTF Compilation of the Neumann KU 100},
  author={Benjamin Bernschütz},
  booktitle={DAGA Fortschritte der Akustik},
  year={2013},
}

@inproceedings{davis2005high,
  title={High order spatial audio capture and its binaural head-tracked playback over headphones with HRTF cues},
  author={Davis, Larry S and Duraiswami, Ramani and Grassi, Elena and Gumerov, Nail A and Li, Zhiyun and Zotkin, Dmitry N},
  booktitle={Audio Engineering Society Convention 119},
  year={2005},
  organization={Audio Engineering Society}
}
@article{2013Spatial,
  title={Spatial perception of sound fields recorded by spherical microphone arrays with varying spatial resolution.},
  author={ Avni, Amir  and  Ahrens, Jens  and  Geier, Matthias  and  Spors, Sascha  and  Rafaely, Boaz },
  journal={Journal of the Acoustical Society of America},
  volume={133},
  number={5},
  pages={2711},
  year={2013},
}
@article{2015Efficient,
  title={Efficient Real Spherical Harmonic Representation of Head-Related Transfer Functions},
  author={ Romigh, Griffin D.  and  Brungart, Douglas S.  and  Stern, Richard M.  and  Simpson, Brian D. },
  journal={IEEE Journal of Selected Topics in Signal Processing},
  volume={9},
  number={5},
  pages={921-930},
  year={2015},
}
@article{1998Analyzing,
  title={Analyzing head-related transfer function measurements using surface spherical harmonics},
  author={ Evans, Michael J.  and  Agnus, J. A. S.  and  Tew, Anthony I. },
  journal={The Journal of the Acoustical Society of America},
  volume={104},
  number={4},
  pages={2400-2411},
  year={1998},
}
@article{2019Directional,
  title={Directional Equalization of Sparse Head-Related Transfer Function Sets for Spatial Upsampling},
  author={ Poerschmann, Christoph  and  Arend, Johannes M  and  Brinkmann, Fabian },
  journal={IEEE/ACM Transactions on Audio, Speech, and Language Processing},
  volume={27},
  number={6},
  pages={1060-1071},
  year={2019},
}
@article{2017equalization,
  title={Spectral equalization in binaural signals represented by order-truncated spherical harmonics},
  author={ Ben-Hur, Zamir  and  Brinkmann, Fabian  and  Sheaffer, Jonathan  and  Weinzierl, Stefan  and  Rafaely, Boaz },
  journal={Journal of the Acoustical Society of America},
  volume={141},
  number={6},
  pages={4087},
  year={2017},
}
@article{2019Perceptual,
  title={Perceptual evaluation of headphone auralization of rooms captured with spherical microphone arrays with respect to spaciousness and timbre},
  author={ Ahrens, Jens  and  Andersson, Carl },
  journal={The Journal of the Acoustical Society of America},
  volume={145},
  number={4},
  pages={2783-2794},
  year={2019},
}
@article{2008Spherical,
  title={Spherical Microphone Array Beam Steering Using Wigner-D Weighting},
  author={ Rafaely, B  and  Kleider, M },
  journal={IEEE Signal Processing Letters},
  volume={15},
  number={1},
  pages={417-420},
  year={2008},
}
@inproceedings{2019Improving,
  title={Improving Binaural Ambisonics Decoding by Spherical Harmonics Domain Tapering and Coloration Compensation},
  author={ Hold, Christoph  and  Gamper, Hannes  and  Pulkki, Ville  and  Raghuvanshi, Nikunj  and  Tashev, Ivan },
  booktitle={ICASSP 2019 - 2019 IEEE International Conference on Acoustics, Speech and Signal Processing (ICASSP)},
  year={2019},
}
@article{2019Loudness,
  title={Loudness stability of binaural sound with spherical harmonic representation of sparse head-related transfer functions},
  author={ Ben-Hur, Zamir  and  Alon, David Lou  and  Rafaely, Boaz  and  Mehra, Ravish },
  journal={EURASIP Journal on Audio Speech and Music Processing},
  volume={2019},
  number={1},
  pages={5},
  year={2019},
}
@article{2019Efficient,
  title={Efficient Representation and Sparse Sampling of Head-Related Transfer Functions Using Phase-Correction Based on Ear Alignment},
  author={ Ben-Hur, Zamir  and  Alon, David Lou  and  Mehra, Ravish  and  Rafaely, Boaz },
  journal={IEEE/ACM Transactions on Audio, Speech, and Language Processing},
  volume={PP},
  number={99},
  pages={1-1},
  year={2019},
}
@article{ben2020binaural,
  title={Binaural Reproduction Based on Bilateral Ambisonics and Ear-Aligned HRTFs},
  author={Ben-Hur, Zamir and Alon, David Lou and Mehra, Ravish and Rafaely, Boaz},
  journal={Audio Signal Processing for Binaural Reproduction with Improved Spatial Perception},
  pages={69},
  year={2020},
  publisher={Ben-Gurion University of the Negev}
}
@article{lubeck2019perceptual,
  title={Perceptual Evaluation of Mitigation Approaches of Errors due to Spatial Undersampling in Binaural Renderings of Spherical Microphone Array Data},
  author={L{\"u}beck, Tim},
  year={2019}
}
@article{ben2011acoustic,
  title={Acoustic centering of sources measured by surrounding spherical microphone arrays},
  author={Ben Hagai, Ilan and Pollow, Martin and Vorl{\"a}nder, Michael and Rafaely, Boaz},
  journal={The Journal of the Acoustical Society of America},
  volume={130},
  number={4},
  pages={2003--2015},
  year={2011},
  publisher={Acoustical Society of America}
}


@article{Tim2020Perceptual,
  title={Perceptual Evaluation of Mitigation Approaches of Impairments due to Spatial Undersampling in Binaural Rendering of Spherical Microphone Array Data},
  author={Tim Lübeck and  Helmholz, Hannes  and  Arend, Johannes M.  and  Prschmann, Christoph  and  Ahrens, Jens },
  journal={Journal of the Audio Engineering Society},
  volume={68},
  number={6},
  pages={428-440},
  year={2020},
}
@article{IACC2006,
author={choisel, sylvain and wickelmaier, florian},
journal={journal of the audio engineering society},
title={relating auditory attributes of multichannel reproduced sound to preference and to physical parameters},
year={2006},
volume={},
number={},
pages={},
doi={},
month={may},}

@article{1979Image,
  title={Image method for efficiently simulating small-room acoustics},
  author={ Allen, Jont B. },
  journal={The Journal of the Acoustical Society of America},
  year={1979},
}

@inproceedings{fangyi,
  title={基于双耳相干函数的鲁棒时延差估计与混响抑制算法},
  author={方义、陈友元、牟宏宇、冯海泓},
  booktitle={第十四届全国人机语音通讯学术会议},
}

@article{2012Localization,
  title={Localization of distinct reflections in rooms using spherical microphone array eigenbeam processing},
  author={ Sun, Haohai  and  Mabande, Edwin  and  Kowalczyk, Konrad  and  Kellermann, Walter },
  journal={Journal of the Acoustical Society of America},
  volume={131},
  number={4},
  pages={2828-2840},
  year={2012},
}

@article{Bernsch2014Binaural,
  title={Binaural Reproduction of Plane Waves With Reduced Modal Order},
  author={Bernschütz, B. and  Giner, A. Vázquez and  P?Rschmann, C.  and  Arend, J. },
  journal={Acta Acustica united with Acustica},
  volume={100},
  number={5},
  pages={972-983(12)},
  year={2014},
}

@article{Wigner_3j,
  title={Group Theory and Its Application to the Quantum Mechanics of Atomic Spectra},
  author={Wigner and  E., P. },
  journal={American Journal of Physics},
  volume={28},
  number={4},
  pages={408},
  year={1960},
}

@book{messiah1961quantum,
  title={Quantum mechanics. V. 2},
  author={Messiah, Albert and [by] Albert Messiah; translated from the French by J. Potter},
  year={1961},
  publisher={North-Holland}
}

@article{2013Hilbert,
  title={Hilbert Space Methods in Signal Processing},
  author={ Kennedy, Rodney A.  and  Sadeghi, Parastoo },
  journal={Cambridge Uk},
  volume={10.1017/CBO9780511844515},
  pages={xv-xviii},
  year={2013},
}

@article{2002Spatial,
  title={Spatial quality evaluation for reproduced sound: Terminology, meaning, and a scene-based paradigm},
  author={ Rumsey, Francis },
  journal={Journal of the Audio Engineering Society},
  volume={50},
  number={9},
  pages={651-666},
  year={2002},
}

@article{JND,
  title={Just noticeable differences of spatial cues in echoic and anechoic acoustical environments},
  author={Klockgether, Stefan and van de Par, Steven},
  journal={The Journal of the Acoustical Society of America},
  volume={140},
  number={4},
  pages={EL352--EL357},
  year={2016},
  publisher={Acoustical Society of America}
}

@article{2012All,
  title={All-Round Ambisonic Panning and Decoding},
  author={ Zotter, Franz  and  Frank, Matthias },
  journal={Journal of the Audio Engineering Society},
  volume={60},
  number={10},
  pages={807-820},
  year={2012},
}

@article{Benesty2008Microphone,
  title={Microphone array signal processing},
  author={Benesty, Jacob and Chen, Jingdong and Huang, Yiteng},
  journal={Journal of the Acoustical Society of America},
  volume={125},
  number={6},
  pages={4097-4098},
  year={2008},
}

@article{2013Study,
  title={Study and Design of Differential Microphone Arrays},
  author={ Benesty, Jacob  and  Chen, Jingdong },
  journal={Springer Topics in Signal Processing},
  volume={6},
  year={2013},
}

@article{2016Fundamentals,
  title={Fundamentals of Differential Beamforming},
  author={ Benesty, Jacob  and  Chen, Jingdong  and  Pan, Chao },
  volume={10.1007/978-981-10-1046-0},
  year={2016},
}

@inproceedings{20033D,
  title={3D binaural sound reproduction using a virtual ambisonic approach},
  author={ Noisternig, M.  and  Musil, T.  and  Sontacchi, A.  and  Holdrich, R. },
  booktitle={Virtual Environments, Human-Computer Interfaces and Measurement Systems, 2003. VECIMS '03. 2003 IEEE International Symposium on},
  year={2003},
}

@article{Bernsch2014Binaural,
  title={Binaural Reproduction of Plane Waves With Reduced Modal Order},
  author={Bernschütz, B. and  Giner, A. Vázquez and  P?Rschmann, C.  and  Arend, J. },
  journal={Acta Acustica united with Acustica},
  volume={100},
  number={5},
  pages={972-983(12)},
  year={2014},
}

@article{sheaffer2014rendering,
  title={Rendering binaural room impulse responses from spherical microphone array recordings using timbre correction},
  author={Sheaffer, Jonathan and Villeval, Shahar and Rafaely, Boaz},
  journal={10.14279/depositonce-4103},
  year={2014}
}

@article{2018Binaural,
  title={Binaural rendering of Ambisonic signals by head-related impulse response time alignment and a diffuseness constraint},
  author={Zaunschirm and Markus and Schoerkhuber and Christian and Hoeldrich and Robert},
  journal={Journal of the Acoustical Society of America},
  year={2018},
}

@inproceedings{2018comparison,
  title={Comparison of head-related transfer functions pre-processing techniques for spherical harmonics decomposition},
  author={Brinkmann, Fabian and Weinzierl, Stefan},
  booktitle={Audio Engineering Society Conference: 2018 AES International Conference on Audio for Virtual and Augmented Reality},
  year={2018},
  organization={Audio Engineering Society}
}

@INPROCEEDINGS{equalization_filter,
  author={J. {Sheaffer} and B. {Rafaely}},
  booktitle={2014 IEEE 28th Convention of Electrical   Electronics Engineers in Israel (IEEEI)}, 
  title={Equalization strategies for binaural room impulse response rendering using spherical arrays}, 
  year={2014},
  volume={},
  number={},
  pages={1-5},
  doi={10.1109/EEEI.2014.7005804}}

@article{JieruChen_CSMT,
  title={Binaural Rendering based on Linear Differential Microphone Array and Ambisonic Reproduction},
  author={ Jieru, Chen  and  Shanshan, Dou  and  Wen, Zhang },
  journal={Journal of Fudan University(Natural Science)},
  year={2019},
}

@article{2016Insights,
  title={Insights into head-related transfer function: Spatial dimensionality and continuous representation},
  author={ Zhang, Wen  and  Abhayapala, Thushara D.  and  Kennedy, Rodney A.  and  Duraiswami, Ramani },
  journal={Journal of the Acoustical Society of America},
  volume={127},
  number={4},
  pages={2347},
  year={2016},
}

@article{2013Spatial,
  title={Spatial perception of sound fields recorded by spherical microphone arrays with varying spatial resolution.},
  author={ Avni, Amir  and  Ahrens, Jens  and  Geier, Matthias  and  Spors, Sascha  and  Rafaely, Boaz },
  journal={Journal of the Acoustical Society of America},
  volume={133},
  number={5},
  pages={2711},
  year={2013},
}

@book{rafaely_fundamentals_2019,
	address = {Cham},
	series = {Springer {Topics} in {Signal} {Processing}},
	title = {Fundamentals of {Spherical} {Array} {Processing}},
	volume = {16},
	isbn = {978-3-319-99560-1 978-3-319-99561-8},
	url = {http://link.springer.com/10.1007/978-3-319-99561-8},
	language = {en},
	urldate = {2020-01-17},
	publisher = {Springer International Publishing},
	author = {Rafaely, Boaz},
	year = {2019},
	doi = {10.1007/978-3-319-99561-8},
}

@book{david_inverse_2019,
	title = {Inverse {Acoustic} and {Electromagnetic} {Scattering} {Theory}},
	publisher = {Springer},
	author = {David, Colton and Rainer, Kress},
	year = {2019},
}


@article{ poletti_unified_nodate,
	title = {{UNIFIED} {DESCRIPTION} {OF} {AMBISONICS} {USING} {REAL} {AND} {COMPLEX} {SPHERICAL} {HARMONICS}},
	language = {en},
	author = {Poletti, Mark},
	pages = {10},
}


@article{binaural_Fundamental_1992,
  	title={Fundamentals of binaural technology},
  	author={Moller, Henrik},
  	journal={Applied Acoustics},
  	year={1992},
}


@article{headphone_2015,
  	title={Natural Sound Rendering for Headphones: Integration of signal processing techniques},
  	author={Sunder, Kaushik and He, Jianjun and Tan, Ee Leng and Gan, Woon Seng},
  	journal={IEEE Signal Processing Magazine},
  	volume={32},
  	number={2},
  	pages={100-113},
  	year={2015},
}


@article{headphone_2011,
  	title={Headphone-Based Spatial Sound},
  	author={ Algazi, V. Ralph  and  Duda, Richard O. },
  	journal={IEEE Signal Processing Magazine},
  	volume={28},
  	number={1},
  	pages={33-42},
  	year={2011},
}


@inproceedings{AVS_parameter_rendering_2019,
  	title={Parametric first-order Ambisonic decoding for headphones utilising the cross-pattern coherence algorithm},
  	author={ Mccormack, Leo  and  Delikaris-Manias, Symeon },
  	booktitle={1st EAA Spatial Audio Signal Processing Symposium},
  	year={2019},
}

@article{coloration,
  	title={Spatial perception of sound fields recorded by spherical microphone arrays with varying spatial resolution.},
  	author={ Avni, Amir  and  Ahrens, Jens  and  Geier, Matthias  and  Spors, Sascha  and  Rafaely, Boaz },
  	journal={Journal of the Acoustical Society of America},
  	volume={133},
  	number={5},
  	pages={2711},
  	year={2013},
}

@article{microphone,
  title={从Ambisonics到双耳听觉——VR电影声音制作方案研究},
  author={张莹 and 沈希辰},
  journal={复旦学报(自然科学版)},
  volume={56},
  number={002},
  pages={215-221},
  year={2017},
}


@article{wenZhang_review,
  	title={Surround by Sound: A Review of Spatial Audio Recording and Reproduction},
  	author={ Zhang, Wen  and  Samarasinghe, Prasanga  and  Chen, Hanchi  and  Abhayapala, Thushara },
  	journal={Applied ences},
  	volume={,7},
  	number={5},
  	year={2017},
}

@book{3D_Sound_VR,
  title={3-D Sound for Virtual Reality and Multimedia},
  author={ Begault, Durand R. },
  publisher={Academic Press Professional, Inc.},
  year={1994},
}

@article{wightman2005measurement,
  title={Measurement and validation of human HRTFs for use in hearing research},
  author={Wightman, Fred and Kistler, Doris},
  journal={Acta acustica united with Acustica},
  volume={91},
  number={3},
  pages={429--439},
  year={2005},
  publisher={S. Hirzel Verlag}
}

@article{wightman1989headphone_a,
  title={Headphone simulation of free-field listening. I: stimulus synthesis},
  author={Wightman, Frederic L and Kistler, Doris J},
  journal={The Journal of the Acoustical Society of America},
  volume={85},
  number={2},
  pages={858--867},
  year={1989},
  publisher={Acoustical Society of America}
}

@article{wightman1989headphone_b,
  title={Headphone simulation of free-field listening. II: Psychophysical validation},
  author={Wightman, Frederic L and Kistler, Doris J},
  journal={The Journal of the Acoustical Society of America},
  volume={85},
  number={2},
  pages={868--878},
  year={1989},
  publisher={Acoustical Society of America}
}

@article{Ward2001Reproduction,
  title={Reproduction of a Plane-Wave Sound Field Using an Array of Loudspeakers},
  author={Ward, D. B. and Abhayapala, T. D.},
  journal={IEEE Transactions on Speech \& Audio Processing},
  volume={9},
  number={6},
  pages={p.697-707},
  year={2001},
}

@inproceedings{reproduced_region_enlarge,
  title={Source-location-informed sound field recording and reproduction with spherical arrays},
  author={ Koyama, Shoichi  and  Ito, Koichiro  and  Saruwatari, Hiroshi },
  booktitle={Applications of Signal Processing to Audio and Acoustics (WASPAA), 2015 IEEE Workshop on},
  year={2015},
}

@article{SMA_design,
  title={Analysis and design of spherical microphone arrays},
  author={ Rafaely, Boaz },
  journal={IEEE Transactions on Speech and Audio Processing},
  volume={13},
  number={1},
  pages={135-143},
  year={2005},
}



@Misc{soundfield_microphone,
	howpublished = {\url{ https://en.wikipedia.org/wiki/Soundfield microphone }},
	title = {Soundfield Microphone},
}

@article{review_headphone_spatial,
  title={Headphone-Based Spatial Sound},
  author={ Algazi, V. Ralph  and  Duda, Richard O. },
  journal={IEEE Signal Processing Magazine},
  volume={28},
  number={1},
  pages={33-42},
  year={2011},
}





@inproceedings{introduction_to_HRTF,
  title={Introduction to Head-Related Transfer Functions (HRTFs): Representations of HRTFs in Time, Frequency, and Space},
  author={ Cheng, Corey I.  and  Wakefield, Gregory H. },
  booktitle={Audio Engineering Society Convention 107},
  year={1999},
}


@article{loudspeaker_mode_matching,
  title={Unified theory of horizontal holographic sound systems},
  author={ Poletti, Mark A },
  journal={Journal of the Audio Engineering Society. Audio Engineering Society},
  volume={48},
  number={12},
  pages={1155-1182},
  year={2000},
}

@Misc{Neumann_KU100,
	howpublished = {\url{ http://www.neumann.com/?lang=en\&id=current_microphones\&cid=ku100_description}},
	title = {Neumann, Dummy Head KU-100},
}



@Misc{3Dio,
	howpublished = {\url{ http://3diosound.com/index.php?main_page=product_info\&cPath=33\&products_id=45 }},
	title = {3Dio Free Space Binaural Microphone},
}


@Misc{HATS,
	howpublished = {\url{ http://www.bksv.com/Products/transducers/ear-simulators/head-and-torso/hats-type-4128c?tab=overview }},
	title = {Head and Torso Simulator HATS},
}


@Misc{KEMAR,
	howpublished = {\url{ https://www.grasacoustics.com/industries/audiology/kemar }},
	title = {KEMAR},
}



@Misc{Ambisonics_decoding,
	howpublished = {\url{ https://en.wikipedia.org/wiki/Ambisonic decoding }},
	title = {Ambisonics Decoding},
}

@Misc{Ambisonics,
	howpublished = {\url{ https://en.wikipedia.org/wiki/Ambisonics }},
	title = {Ambisonics},
}

@article{Ambisonics_yuanchang,
  title={基于双耳时间差的客观指标对Ambisonics回放系统的性能分析},
  author={朱天一 and 卢晶},
  journal={南京大学学报:自然科学版},
  number={06},
  pages={1153-1160},
  year={2017},
}

@article{3D_audio,
  title={三维音频技术综述},
  author={胡瑞敏 and 王晓晨 and 张茂胜 and 李登实 and 王松 and 高丽 and 杨乘 and 杨玉红},
  journal={数据采集与处理},
  volume={029},
  number={5},
  pages={661-676},
  year={2014},
}


@inproceedings{hrtf_CIPIC,
  title={The CIPIC HRTF database},
  author={ Algazi, V. R.  and  Duda, R. O.  and  Thompson, D. M.  and  Avendano, C. },
  booktitle={IEEE Workshop on Applications of Signal Processing to Audio \& Acoustics},
  year={2001},
}

@book{book_xiebosun,
  title={头相关传输函数与虚拟听觉},
  author={谢菠荪},
  publisher={国防工业出版社},
  year={2008},
}


@article{hrtf_CIPIC,
  title={The CIPIC HRTF Database},
  author={ Algazi, V. R.  and  Duda, R. O.  and  Thompson, D. M.  and  Avendano, C. },
  journal={Proc. IEEE WASPAA 2001, New York},
  pages={99-102},
  year={2001},
}

@article{hrtf_MIT,
  title={HRTF Measurements of a KEMAR Dummy-Head Microphone},
  author={ Gardner, Bill },
  journal={MIT Media Lab. Perceptual Computing-Technical Report 280},
  volume={280},
  pages={1-7},
  year={1994},
}

@inproceedings{HRTF_MESH2HRTF,
  title={MESH2HRTF: AN OPEN-SOURCE SOFTWARE PACKAGE FOR THE NUMERICAL CALCULATION OF HEAD-RELATED TRANFER FUNCTIONS},
  author={ Ziegelwanger, Harald  and  Kreuzer, Wolfgang  and  Majdak, Piotr },
  booktitle={The 22nd International Congress on Sound and Vibration},
  year={2015},
}

@article{2013Report,
  title={Report on Research Projects on Head-Related Transfer Functions and Virtual Auditory Displays in China},
  author={ Xie, Bosun  and  Zhong, Xiaoli  and  Guangzheng, Y. U.  and  Guan, Shanqun  and  Rao, Dan  and  Liang, Zhiqiang  and  Zhang, Chengyun },
  journal={Journal of the Audio Engineering Society},
  volume={61},
  number={5},
  pages={314-326},
  year={2013},
}

@inproceedings{2011A,
  title={A Free Database of Head-Related Impulse Response Measurements in the Horizontal Plane with Multiple Distances},
  author={ Wierstorf, H.  and  Geier, M.  and  Raake, A.  and  Spors, S. },
  booktitle={130th AES Convention},
  year={2011},
}

@article{algazi2002approximating,
  title={Approximating the head-related transfer function using simple geometric models of the head and torso},
  author={Algazi, V Ralph and Duda, Richard O and Duraiswami, Ramani and Gumerov, Nail A and Tang, Zhihui},
  journal={The Journal of the Acoustical Society of America},
  volume={112},
  number={5},
  pages={2053--2064},
  year={2002},
  publisher={Acoustical Society of America}
}

@article{katz2001boundary,
  title={Boundary element method calculation of individual head-related transfer function. I. Rigid model calculation},
  author={Katz, Brian FG},
  journal={The Journal of the Acoustical Society of America},
  volume={110},
  number={5},
  pages={2440--2448},
  year={2001},
  publisher={Acoustical Society of America}
}

@article{1933An,
  title={An acoustic illusion telephonycally achieved},
  author={ Fletcher, H },
  journal={Bell Labs Rec},
  year={1933},
%volume={11},
}

@inproceedings{2004The,
  title={The interaction between head-tracker latency, source duration, and response time in the localization of virtual sound sources},
  author={ Brungart, Douglas  and  Simpson, Brian D.  and  Mckinley, Richard L.  and  Kordik, Alexander J.  and  Ovenshire, David A. },
  booktitle={Icad: the Meeting of the International Conference on Auditory Display},
  year={2004},
}

@article{2001Direct,
  title={Direct Comparison of the Impact of Head Tracking, Reverberation, and Individualized Head-Related Transfer Functions on the Spatial Perception of a Virtual Speech Source},
  author={ Begault, Durand R.  and  Wenzel, Elizabeth M.  and  Anderson, Mark R. },
  journal={Journal of the Audio Engineering Society. Audio Engineering Society},
  volume={49},
  number={10},
  pages={904-916},
  year={2001},
}

@inproceedings{jot1998approaches,
  title={Approaches to binaural synthesis},
  author={J{\^o}t, Jean-Marc and Wardle, Scott and Larcher, V{\'e}ronique},
  booktitle={Audio Engineering Society Convention 105},
  year={1998},
  organization={Audio Engineering Society}
}
@inproceedings{jot1999comparative,
  title={A comparative study of 3-D audio encoding and rendering techniques},
  author={Jot, Jean-Marc and Larcher, V{\'e}ronique and Pernaux, Jean-Marie},
  booktitle={Audio Engineering Society Conference: 16th International Conference: Spatial Sound Reproduction},
  year={1999},
  organization={Audio Engineering Society}
}

@article{2002Spatial,
  title={Spatial correlation for general distributions of scatterers},
  author={ Teal, P. D.  and  Abhayapala, T. D.  and  Kennedy, R. A. },
  journal={IEEE signal processing letters},
  volume={9},
  number={10},
  pages={p.5-8},
  year={2002},
}

@article{2007Smoothing,
  title={Smoothing of an All-sky Survey Map with a Fisher-von Mises Function},
  author={ Seon, Kwang Il },
  journal={Journal- Korean Physical Society},
  volume={48},
  number={3},
  year={2007},
}

@article{2009Spatial,
  title={Spatial Fading Correlation model using mixtures of Von Mises Fisher distributions},
  author={ Mammasis, K  and  Stewart, R. W  and  Thompson, J. S },
  journal={IEEE Transactions on Wireless Communications},
  volume={8},
  number={4},
  pages={2046-2055},
  year={2009},
}

@book{bookMatrix,
   title =     {Matrix Computations},
   author =    {Gene H. Golub, Charles F. Van Loan},
   publisher = {Johns Hopkins University Press},
   isbn =      {9780801854132,080185413X,0801854148},
   year =      {1996},
   series =    {Johns Hopkins studies in the mathematical sciences},
   edition =   {3rd ed},
   volume =    {},
   url =       {http://gen.lib.rus.ec/book/index.php?md5=B3D5B04072B31F97505D2F55891A3800}
}