
@article{geim_van_2013,
	title = {Van der {Waals} heterostructures},
	volume = {499},
	issn = {0028-0836, 1476-4687},
	url = {http://www.nature.com/articles/nature12385},
	doi = {10.1038/nature12385},
	language = {en},
	number = {7459},
	urldate = {2022-01-08},
	journal = {Nature},
	author = {Geim, A. K. and Grigorieva, I. V.},
	month = jul,
	year = {2013},
	pages = {419--425},
	annote = {???
	},
	file = {Geim 和 Grigorieva - 2013 - Van der Waals heterostructures.pdf:D\:\\Projects\\Zotero\\storage\\E3PS335F\\Geim 和 Grigorieva - 2013 - Van der Waals heterostructures.pdf:application/pdf},
}

@article{lei_atomically_2015,
	title = {An {Atomically} {Layered} {InSe} {Avalanche} {Photodetector}},
	volume = {15},
	issn = {1530-6984, 1530-6992},
	url = {https://pubs.acs.org/doi/10.1021/acs.nanolett.5b00016},
	doi = {10.1021/acs.nanolett.5b00016},
	abstract = {Atomically thin photodetectors based on 2D materials have attracted great interest due to their potential as highly energy-eﬃcient integrated devices. However, photoinduced carrier generation in these media is relatively poor due to low optical absorption, limiting device performance. Current methods for overcoming this problem, such as reducing contact resistances or back gating, tend to increase dark current and suﬀer slow response times. Here, we realize the avalanche eﬀect in a 2D material-based photodetector and show that avalanche multiplication can greatly enhance the device response of an ultrathin InSe-based photodetector. This is achieved by exploiting the large Schottky barrier formed between InSe and Al electrodes, enabling the application of a large bias voltage. Plasmonic enhancement of the photosensitivity, achieved by patterning arrays of Al nanodisks onto the InSe layer, further improves device eﬃciency. With an external quantum eﬃciency approaching 866\%, a dark current in the picoamp range, and a fast response time of 87 μs, this atomic layer device exhibits multiple signiﬁcant advances in overall performance for this class of devices.},
	language = {en},
	number = {5},
	urldate = {2022-01-07},
	journal = {Nano Letters},
	author = {Lei, Sidong and Wen, Fangfang and Ge, Liehui and Najmaei, Sina and George, Antony and Gong, Yongji and Gao, Weilu and Jin, Zehua and Li, Bo and Lou, Jun and Kono, Junichiro and Vajtai, Robert and Ajayan, Pulickel and Halas, Naomi J.},
	month = may,
	year = {2015},
	pages = {3048--3055},
	annote = {雪崩效应},
	file = {Lei 等。 - 2015 - An Atomically Layered InSe Avalanche Photodetector.pdf:D\:\\Projects\\Zotero\\storage\\LTET8CA7\\Lei 等。 - 2015 - An Atomically Layered InSe Avalanche Photodetector.pdf:application/pdf},
}

@article{_fe-p_2020,
	title = {{碳包覆Fe}-{P氧还原催化剂的制备及性能研究}},
	volume = {39},
	issn = {1004-5422},
	url = {https://kns.cnki.net/kcms/detail/frame/list.aspx?dbcode=CJFD&filename=cddd202004014&dbname=CJFDLAST2021&RefType=1&vl=JMQWeNAb%mmd2FFUQKEO54e7kGrBt4B%mmd2B40xkFauvS123vBD24bf4ZoxcVXkH2K0kfuoEr},
	abstract = {以ZIF-8为碳源,通过高温热解的方法,制备了一种非贵金属氧还原反应(ORR)催化剂—碳包覆的Fe-P复合材料(Fe-P@CMF).实验结果表明,当烧结温度为1 100℃时,复合材料Fe-P@CMF-1100的ORR性能最佳,在O\_2饱和的0.1 M KOH中,其起始电位达到了0.94 V,半波电位达到了0.85 V.K-L曲线的结果表明,复合材料Fe-P@CMF-1100催化ORR遵循四电子转移机理.此外,Fe-P@CMF-1100比Pt/C具有更高的电催化稳定性,在经历10 h的稳定性测试之后,电流密度依然保持了初始值的89.4\%;同时,该复合材料比Pt/C具有更好的甲醇耐受性.本研究为废...},
	language = {中文;},
	number = {04},
	urldate = {2021-03-17},
	journal = {成都大学学报(自然科学版)},
	author = {邱阳 and 周川冀越 and 孙艳 and 闫康平 and 王贵欣},
	year = {2020},
	keywords = {电催化, 废物利用, 碳包覆, 氧还原, carbon-encapsulated, electrocatalysis, Fe-P, oxygen reduction, waste utilization, ZIF-8},
	pages = {411--415+448},
	file = {邱 等。 - 2020 - 碳包覆Fe-P氧还原催化剂的制备及性能研究.pdf:D\:\\Projects\\Zotero\\storage\\F4H5XKU5\\邱 等。 - 2020 - 碳包覆Fe-P氧还原催化剂的制备及性能研究.pdf:application/pdf},
}

